% Encoding: UTF-8
%% This BibTeX bibliography file was created using BibDesk.
%% http://bibdesk.sourceforge.net/


%% Created for Julian Gesche at 2017-03-04 19:45:51 +0100 


%% Saved with string encoding Unicode (UTF-8)

@Book{Bishop2006,
  title     = {Pattern Recognition and Machine Learning (Information Science and Statistics)},
  publisher = {Springer-Verlag New York, Inc.},
  year      = {2006},
  author    = {Bishop, Christopher M.},
  address   = {Secaucus, NJ, USA},
  isbn      = {0387310738},
  file      = {:/Volumes/Macintosh HD 2/Universitaet/Master/Master Thesis/Paper/General/Christopher Bishop - Pattern Recognition And Machine Learning.pdf:PDF},
}

@book{anzai2012pattern,
	Author = {Anzai, Yuichiro},
	Date-Added = {2016-12-26 13:15:49 +0000},
	Date-Modified = {2016-12-26 13:15:49 +0000},
	Publisher = {Elsevier},
	Title = {Pattern Recognition \&amp; Machine Learning},
	Year = {2012},
	Bdsk-File-1 = {YnBsaXN0MDDUAQIDBAUGJCVYJHZlcnNpb25YJG9iamVjdHNZJGFyY2hpdmVyVCR0b3ASAAGGoKgHCBMUFRYaIVUkbnVsbNMJCgsMDxJXTlMua2V5c1pOUy5vYmplY3RzViRjbGFzc6INDoACgAOiEBGABIAFgAdccmVsYXRpdmVQYXRoWWFsaWFzRGF0YV8QUi4uL1BhcGVyL0dlbmVyYWwvQ2hyaXN0b3BoZXIgQmlzaG9wIC0gUGF0dGVybiBSZWNvZ25pdGlvbiBBbmQgTWFjaGluZSBMZWFybmluZy5wZGbSFwsYGVdOUy5kYXRhTxECegAAAAACegACAAAOTWFjaW50b3NoIEhEIDIAAAAAAAAAAAAAAAAA0Npa+kgrAAAACOi0H0NocmlzdG9waGVyIEJpc2hvcCAtICMzQjBGRC5wZGYAAAAAAAAAAAAAAAAAAAAAAAAAAAAAAAAAAAAAAAAAAAADsP3UHAHKAAAAAAAAAAAAAQADAAAJAAAAAAAAAAAAAAAAAAAAAAdHZW5lcmFsAAAQAAgAANDaTOoAAAARAAgAANQb5aoAAAABABQACOi0AAOw+gADlDAAAKbuAABe9wACAGNNYWNpbnRvc2ggSEQgMjpVbml2ZXJzaXRhZXQ6AE1hc3RlcjoATWFzdGVyIFRoZXNpczoAUGFwZXI6AEdlbmVyYWw6AENocmlzdG9waGVyIEJpc2hvcCAtICMzQjBGRC5wZGYAAA4AhABBAEMAaAByAGkAcwB0AG8AcABoAGUAcgAgAEIAaQBzAGgAbwBwACAALQAgAFAAYQB0AHQAZQByAG4AIABSAGUAYwBvAGcAbgBpAHQAaQBvAG4AIABBAG4AZAAgAE0AYQBjAGgAaQBuAGUAIABMAGUAYQByAG4AaQBuAGcALgBwAGQAZgAPAB4ADgBNAGEAYwBpAG4AdABvAHMAaAAgAEgARAAgADIAEgByL1VuaXZlcnNpdGFldC9NYXN0ZXIvTWFzdGVyIFRoZXNpcy9QYXBlci9HZW5lcmFsL0NocmlzdG9waGVyIEJpc2hvcCAtIFBhdHRlcm4gUmVjb2duaXRpb24gQW5kIE1hY2hpbmUgTGVhcm5pbmcucGRmABMAFy9Wb2x1bWVzL01hY2ludG9zaCBIRCAyAP//AACABtIbHB0eWiRjbGFzc25hbWVYJGNsYXNzZXNdTlNNdXRhYmxlRGF0YaMdHyBWTlNEYXRhWE5TT2JqZWN00hscIiNcTlNEaWN0aW9uYXJ5oiIgXxAPTlNLZXllZEFyY2hpdmVy0SYnVHJvb3SAAQAIABEAGgAjAC0AMgA3AEAARgBNAFUAYABnAGoAbABuAHEAcwB1AHcAhACOAOMA6ADwA24DcAN1A4ADiQOXA5sDogOrA7ADvQPAA9ID1QPaAAAAAAAAAgEAAAAAAAAAKAAAAAAAAAAAAAAAAAAAA9w=}}

@article{Sun_2011,
	Author = {Sun, Chuang and Zhang, Zhousuo and He, Zhengjia},
	Date-Added = {2016-12-26 11:13:17 +0000},
	Date-Modified = {2016-12-26 11:13:17 +0000},
	Doi = {10.1088/1742-6596/305/1/012028},
	Issn = {1742-6596},
	Journal = {Journal of Physics: Conference Series},
	Month = {Jul},
	Pages = {012028},
	Publisher = {IOP Publishing},
	Title = {Research on bearing life prediction based on support vector machine and its application},
	Url = {http://dx.doi.org/10.1088/1742-6596/305/1/012028},
	Volume = {305},
	Year = {2011},
	Bdsk-File-1 = {YnBsaXN0MDDUAQIDBAUGJCVYJHZlcnNpb25YJG9iamVjdHNZJGFyY2hpdmVyVCR0b3ASAAGGoKgHCBMUFRYaIVUkbnVsbNMJCgsMDxJXTlMua2V5c1pOUy5vYmplY3RzViRjbGFzc6INDoACgAOiEBGABIAFgAdccmVsYXRpdmVQYXRoWWFsaWFzRGF0YV8QOi4uL1BhcGVyL1NWTS9CZWFyaW5nIGxpZmUgdGltZSBwcmVkaWN0aW9uIGJhc2VkIG9uIFNWTS5wZGbSFwsYGVdOUy5kYXRhTxECMgAAAAACMgACAAAOTWFjaW50b3NoIEhEIDIAAAAAAAAAAAAAAAAA0Npa+kgrAAAACOipH0JlYXJpbmcgbGlmZSB0aW1lIHByZSMzRTdBMC5wZGYAAAAAAAAAAAAAAAAAAAAAAAAAAAAAAAAAAAAAAAAAAAAD56DUTQUKAAAAAAAAAAAAAQADAAAJAAAAAAAAAAAAAAAAAAAAAANTVk0AABAACAAA0NpM6gAAABEACAAA1Ez2+gAAAAEAFAAI6KkAA7D6AAOUMAAApu4AAF73AAIAX01hY2ludG9zaCBIRCAyOlVuaXZlcnNpdGFldDoATWFzdGVyOgBNYXN0ZXIgVGhlc2lzOgBQYXBlcjoAU1ZNOgBCZWFyaW5nIGxpZmUgdGltZSBwcmUjM0U3QTAucGRmAAAOAFwALQBCAGUAYQByAGkAbgBnACAAbABpAGYAZQAgAHQAaQBtAGUAIABwAHIAZQBkAGkAYwB0AGkAbwBuACAAYgBhAHMAZQBkACAAbwBuACAAUwBWAE0ALgBwAGQAZgAPAB4ADgBNAGEAYwBpAG4AdABvAHMAaAAgAEgARAAgADIAEgBaL1VuaXZlcnNpdGFldC9NYXN0ZXIvTWFzdGVyIFRoZXNpcy9QYXBlci9TVk0vQmVhcmluZyBsaWZlIHRpbWUgcHJlZGljdGlvbiBiYXNlZCBvbiBTVk0ucGRmABMAFy9Wb2x1bWVzL01hY2ludG9zaCBIRCAyAP//AACABtIbHB0eWiRjbGFzc25hbWVYJGNsYXNzZXNdTlNNdXRhYmxlRGF0YaMdHyBWTlNEYXRhWE5TT2JqZWN00hscIiNcTlNEaWN0aW9uYXJ5oiIgXxAPTlNLZXllZEFyY2hpdmVy0SYnVHJvb3SAAQAIABEAGgAjAC0AMgA3AEAARgBNAFUAYABnAGoAbABuAHEAcwB1AHcAhACOAMsA0ADYAw4DEAMVAyADKQM3AzsDQgNLA1ADXQNgA3IDdQN6AAAAAAAAAgEAAAAAAAAAKAAAAAAAAAAAAAAAAAAAA3w=}}

@article{Dong_2008,
	Author = {Dong, Ming and Yang, Zhi-bo},
	Date-Added = {2016-12-26 11:13:17 +0000},
	Date-Modified = {2016-12-26 11:13:17 +0000},
	Doi = {10.1007/s12204-008-0318-y},
	Issn = {1995-8188},
	Journal = {Journal of Shanghai Jiaotong University (Science)},
	Month = {Jun},
	Number = {3},
	Pages = {318--322},
	Publisher = {Springer Nature},
	Title = {Dynamic Bayesian network based prognosis in machining processes},
	Url = {http://dx.doi.org/10.1007/s12204-008-0318-y},
	Volume = {13},
	Year = {2008},
	Bdsk-File-1 = {YnBsaXN0MDDUAQIDBAUGJCVYJHZlcnNpb25YJG9iamVjdHNZJGFyY2hpdmVyVCR0b3ASAAGGoKgHCBMUFRYaIVUkbnVsbNMJCgsMDxJXTlMua2V5c1pOUy5vYmplY3RzViRjbGFzc6INDoACgAOiEBGABIAFgAdccmVsYXRpdmVQYXRoWWFsaWFzRGF0YV8QUi4uL1BhcGVyL0dQK1BGL0R5bmFtaWMgQmF5ZXNpYW4gTmV0d29yayBCYXNlZCBQcm9nbm9zaXMgaW4gTWFjaGluaW5nIFByb2Nlc3Nlcy5wZGbSFwsYGVdOUy5kYXRhTxECegAAAAACegACAAAOTWFjaW50b3NoIEhEIDIAAAAAAAAAAAAAAAAA0Npa+kgrAAAACOimH0R5bmFtaWMgQmF5ZXNpYW4gTmV0dyMzQjBGRS5wZGYAAAAAAAAAAAAAAAAAAAAAAAAAAAAAAAAAAAAAAAAAAAADsP7UBIjzAAAAAAAAAAAAAQADAAAJAAAAAAAAAAAAAAAAAAAAAAVHUCtQRgAAEAAIAADQ2kzqAAAAEQAIAADUBGzTAAAAAQAUAAjopgADsPoAA5QwAACm7gAAXvcAAgBhTWFjaW50b3NoIEhEIDI6VW5pdmVyc2l0YWV0OgBNYXN0ZXI6AE1hc3RlciBUaGVzaXM6AFBhcGVyOgBHUCtQRjoARHluYW1pYyBCYXllc2lhbiBOZXR3IzNCMEZFLnBkZgAADgCIAEMARAB5AG4AYQBtAGkAYwAgAEIAYQB5AGUAcwBpAGEAbgAgAE4AZQB0AHcAbwByAGsAIABCAGEAcwBlAGQAIABQAHIAbwBnAG4AbwBzAGkAcwAgAGkAbgAgAE0AYQBjAGgAaQBuAGkAbgBnACAAUAByAG8AYwBlAHMAcwBlAHMALgBwAGQAZgAPAB4ADgBNAGEAYwBpAG4AdABvAHMAaAAgAEgARAAgADIAEgByL1VuaXZlcnNpdGFldC9NYXN0ZXIvTWFzdGVyIFRoZXNpcy9QYXBlci9HUCtQRi9EeW5hbWljIEJheWVzaWFuIE5ldHdvcmsgQmFzZWQgUHJvZ25vc2lzIGluIE1hY2hpbmluZyBQcm9jZXNzZXMucGRmABMAFy9Wb2x1bWVzL01hY2ludG9zaCBIRCAyAP//AACABtIbHB0eWiRjbGFzc25hbWVYJGNsYXNzZXNdTlNNdXRhYmxlRGF0YaMdHyBWTlNEYXRhWE5TT2JqZWN00hscIiNcTlNEaWN0aW9uYXJ5oiIgXxAPTlNLZXllZEFyY2hpdmVy0SYnVHJvb3SAAQAIABEAGgAjAC0AMgA3AEAARgBNAFUAYABnAGoAbABuAHEAcwB1AHcAhACOAOMA6ADwA24DcAN1A4ADiQOXA5sDogOrA7ADvQPAA9ID1QPaAAAAAAAAAgEAAAAAAAAAKAAAAAAAAAAAAAAAAAAAA9w=}}

@article{Zhang_2014,
	Author = {Zhang, Bin and Zhang, Lijun and Xu, Jinwu and Wang, Pingfeng},
	Date-Added = {2016-12-26 11:13:17 +0000},
	Date-Modified = {2016-12-26 11:13:17 +0000},
	Doi = {10.3390/e16105400},
	Issn = {1099-4300},
	Journal = {Entropy},
	Month = {Oct},
	Number = {10},
	Pages = {5400--5415},
	Publisher = {MDPI AG},
	Title = {Performance Degradation Assessment of Rolling Element Bearings Based on an Index Combining SVD and Information Exergy},
	Url = {http://dx.doi.org/10.3390/e16105400},
	Volume = {16},
	Year = {2014},
	Bdsk-File-1 = {YnBsaXN0MDDUAQIDBAUGJCVYJHZlcnNpb25YJG9iamVjdHNZJGFyY2hpdmVyVCR0b3ASAAGGoKgHCBMUFRYaIVUkbnVsbNMJCgsMDxJXTlMua2V5c1pOUy5vYmplY3RzViRjbGFzc6INDoACgAOiEBGABIAFgAdccmVsYXRpdmVQYXRoWWFsaWFzRGF0YV8QYi4uL1BhcGVyL0dlbmVyYWwvUGVyb2ZybWFuY2UgZGVncmVkYXRpb24gYmFzZWQgb24gYSBpbmRleCBjb21iaW5pbmcgU1ZEIGFuZCBpbmZvcmFtdGlvbiBlbmVyZ3kucGRm0hcLGBlXTlMuZGF0YU8RAqoAAAAAAqoAAgAADk1hY2ludG9zaCBIRCAyAAAAAAAAAAAAAAAAANDaWvpIKwAAAAjotB9QZXJvZnJtYW5jZSBkZWdyZWRhdGkjM0U3OUEucGRmAAAAAAAAAAAAAAAAAAAAAAAAAAAAAAAAAAAAAAAAAAAAA+ea1E6MXAAAAAAAAAAAAAEAAwAACQAAAAAAAAAAAAAAAAAAAAAHR2VuZXJhbAAAEAAIAADQ2kzqAAAAEQAIAADUTn5MAAAAAQAUAAjotAADsPoAA5QwAACm7gAAXvcAAgBjTWFjaW50b3NoIEhEIDI6VW5pdmVyc2l0YWV0OgBNYXN0ZXI6AE1hc3RlciBUaGVzaXM6AFBhcGVyOgBHZW5lcmFsOgBQZXJvZnJtYW5jZSBkZWdyZWRhdGkjM0U3OUEucGRmAAAOAKQAUQBQAGUAcgBvAGYAcgBtAGEAbgBjAGUAIABkAGUAZwByAGUAZABhAHQAaQBvAG4AIABiAGEAcwBlAGQAIABvAG4AIABhACAAaQBuAGQAZQB4ACAAYwBvAG0AYgBpAG4AaQBuAGcAIABTAFYARAAgAGEAbgBkACAAaQBuAGYAbwByAGEAbQB0AGkAbwBuACAAZQBuAGUAcgBnAHkALgBwAGQAZgAPAB4ADgBNAGEAYwBpAG4AdABvAHMAaAAgAEgARAAgADIAEgCCL1VuaXZlcnNpdGFldC9NYXN0ZXIvTWFzdGVyIFRoZXNpcy9QYXBlci9HZW5lcmFsL1Blcm9mcm1hbmNlIGRlZ3JlZGF0aW9uIGJhc2VkIG9uIGEgaW5kZXggY29tYmluaW5nIFNWRCBhbmQgaW5mb3JhbXRpb24gZW5lcmd5LnBkZgATABcvVm9sdW1lcy9NYWNpbnRvc2ggSEQgMgD//wAAgAbSGxwdHlokY2xhc3NuYW1lWCRjbGFzc2VzXU5TTXV0YWJsZURhdGGjHR8gVk5TRGF0YVhOU09iamVjdNIbHCIjXE5TRGljdGlvbmFyeaIiIF8QD05TS2V5ZWRBcmNoaXZlctEmJ1Ryb290gAEACAARABoAIwAtADIANwBAAEYATQBVAGAAZwBqAGwAbgBxAHMAdQB3AIQAjgDzAPgBAAOuA7ADtQPAA8kD1wPbA+ID6wPwA/0EAAQSBBUEGgAAAAAAAAIBAAAAAAAAACgAAAAAAAAAAAAAAAAAAAQc}}

@article{Yiakopoulos_2011,
	Author = {Yiakopoulos, C.T. and Gryllias, K.C. and Antoniadis, I.A.},
	Date-Added = {2016-12-26 11:13:17 +0000},
	Date-Modified = {2016-12-26 11:13:17 +0000},
	Doi = {10.1016/j.eswa.2010.08.083},
	Issn = {0957-4174},
	Journal = {Expert Systems with Applications},
	Month = {Mar},
	Number = {3},
	Pages = {2888--2911},
	Publisher = {Elsevier BV},
	Title = {Rolling element bearing fault detection in industrial environments based on a K-means clustering approach},
	Url = {http://dx.doi.org/10.1016/j.eswa.2010.08.083},
	Volume = {38},
	Year = {2011},
	Bdsk-File-1 = {YnBsaXN0MDDUAQIDBAUGJCVYJHZlcnNpb25YJG9iamVjdHNZJGFyY2hpdmVyVCR0b3ASAAGGoKgHCBMUFRYaIVUkbnVsbNMJCgsMDxJXTlMua2V5c1pOUy5vYmplY3RzViRjbGFzc6INDoACgAOiEBGABIAFgAdccmVsYXRpdmVQYXRoWWFsaWFzRGF0YV8Qfi4uL1BhcGVyL0dlbmVyYWwvUm9sbGluZyBlbGVtZW50IGJlYXJpbmcgZmF1bHQgZGV0ZWN0aW9uIGluIGluZHVzdHJpYWwgZW52aXJvbm1lbnRzIGJhc2VkIG9uIGEgSy1tZWFucyBjbHVzdGVyaW5nIGFwcHJvYWNoLnBkZtIXCxgZV05TLmRhdGFPEQL+AAAAAAL+AAIAAA5NYWNpbnRvc2ggSEQgMgAAAAAAAAAAAAAAAADQ2lr6SCsAAAAI6LQfUm9sbGluZyBlbGVtZW50IGJlYXJpIzNCMTAxLnBkZgAAAAAAAAAAAAAAAAAAAAAAAAAAAAAAAAAAAAAAAAAAAAOxAdQEiM4AAAAAAAAAAAABAAMAAAkAAAAAAAAAAAAAAAAAAAAAB0dlbmVyYWwAABAACAAA0NpM6gAAABEACAAA1ARsrgAAAAEAFAAI6LQAA7D6AAOUMAAApu4AAF73AAIAY01hY2ludG9zaCBIRCAyOlVuaXZlcnNpdGFldDoATWFzdGVyOgBNYXN0ZXIgVGhlc2lzOgBQYXBlcjoAR2VuZXJhbDoAUm9sbGluZyBlbGVtZW50IGJlYXJpIzNCMTAxLnBkZgAADgDcAG0AUgBvAGwAbABpAG4AZwAgAGUAbABlAG0AZQBuAHQAIABiAGUAYQByAGkAbgBnACAAZgBhAHUAbAB0ACAAZABlAHQAZQBjAHQAaQBvAG4AIABpAG4AIABpAG4AZAB1AHMAdAByAGkAYQBsACAAZQBuAHYAaQByAG8AbgBtAGUAbgB0AHMAIABiAGEAcwBlAGQAIABvAG4AIABhACAASwAtAG0AZQBhAG4AcwAgAGMAbAB1AHMAdABlAHIAaQBuAGcAIABhAHAAcAByAG8AYQBjAGgALgBwAGQAZgAPAB4ADgBNAGEAYwBpAG4AdABvAHMAaAAgAEgARAAgADIAEgCeL1VuaXZlcnNpdGFldC9NYXN0ZXIvTWFzdGVyIFRoZXNpcy9QYXBlci9HZW5lcmFsL1JvbGxpbmcgZWxlbWVudCBiZWFyaW5nIGZhdWx0IGRldGVjdGlvbiBpbiBpbmR1c3RyaWFsIGVudmlyb25tZW50cyBiYXNlZCBvbiBhIEstbWVhbnMgY2x1c3RlcmluZyBhcHByb2FjaC5wZGYAEwAXL1ZvbHVtZXMvTWFjaW50b3NoIEhEIDIA//8AAIAG0hscHR5aJGNsYXNzbmFtZVgkY2xhc3Nlc11OU011dGFibGVEYXRhox0fIFZOU0RhdGFYTlNPYmplY3TSGxwiI1xOU0RpY3Rpb25hcnmiIiBfEA9OU0tleWVkQXJjaGl2ZXLRJidUcm9vdIABAAgAEQAaACMALQAyADcAQABGAE0AVQBgAGcAagBsAG4AcQBzAHUAdwCEAI4BDwEUARwEHgQgBCUEMAQ5BEcESwRSBFsEYARtBHAEggSFBIoAAAAAAAACAQAAAAAAAAAoAAAAAAAAAAAAAAAAAAAEjA==}}

@article{Zhang_2015,
	Author = {Zhang, Xinghui and Xiao, Lei and Kang, Jianshe},
	Date-Added = {2016-12-26 11:13:17 +0000},
	Date-Modified = {2016-12-26 11:13:17 +0000},
	Doi = {10.3390/s150306996},
	Issn = {1424-8220},
	Journal = {Sensors},
	Month = {Mar},
	Number = {3},
	Pages = {6996--7015},
	Publisher = {MDPI AG},
	Title = {Degradation Prediction Model Based on a Neural Network with Dynamic Windows},
	Url = {http://dx.doi.org/10.3390/s150306996},
	Volume = {15},
	Year = {2015},
	Bdsk-File-1 = {YnBsaXN0MDDUAQIDBAUGJCVYJHZlcnNpb25YJG9iamVjdHNZJGFyY2hpdmVyVCR0b3ASAAGGoKgHCBMUFRYaIVUkbnVsbNMJCgsMDxJXTlMua2V5c1pOUy5vYmplY3RzViRjbGFzc6INDoACgAOiEBGABIAFgAdccmVsYXRpdmVQYXRoWWFsaWFzRGF0YV8QIy4uL1BhcGVyL0VTTi9zZW5zb3JzLTE1LTA2OTk2LTMucGRm0hcLGBlXTlMuZGF0YU8RAeQAAAAAAeQAAgAADk1hY2ludG9zaCBIRCAyAAAAAAAAAAAAAAAAANDaWvpIKwAAAAjAuxZzZW5zb3JzLTE1LTA2OTk2LTMucGRmAAAAAAAAAAAAAAAAAAAAAAAAAAAAAAAAAAAAAAAAAAAAAAAAAAAAAAAABrm01IWURgAAAAAAAAAAAAEAAwAACQAAAAAAAAAAAAAAAAAAAAADRVNOAAAQAAgAANDaTOoAAAARAAgAANSFhjYAAAABABQACMC7AAOw+gADlDAAAKbuAABe9wACAFZNYWNpbnRvc2ggSEQgMjpVbml2ZXJzaXRhZXQ6AE1hc3RlcjoATWFzdGVyIFRoZXNpczoAUGFwZXI6AEVTTjoAc2Vuc29ycy0xNS0wNjk5Ni0zLnBkZgAOAC4AFgBzAGUAbgBzAG8AcgBzAC0AMQA1AC0AMAA2ADkAOQA2AC0AMwAuAHAAZABmAA8AHgAOAE0AYQBjAGkAbgB0AG8AcwBoACAASABEACAAMgASAEMvVW5pdmVyc2l0YWV0L01hc3Rlci9NYXN0ZXIgVGhlc2lzL1BhcGVyL0VTTi9zZW5zb3JzLTE1LTA2OTk2LTMucGRmAAATABcvVm9sdW1lcy9NYWNpbnRvc2ggSEQgMgD//wAAgAbSGxwdHlokY2xhc3NuYW1lWCRjbGFzc2VzXU5TTXV0YWJsZURhdGGjHR8gVk5TRGF0YVhOU09iamVjdNIbHCIjXE5TRGljdGlvbmFyeaIiIF8QD05TS2V5ZWRBcmNoaXZlctEmJ1Ryb290gAEACAARABoAIwAtADIANwBAAEYATQBVAGAAZwBqAGwAbgBxAHMAdQB3AIQAjgC0ALkAwQKpAqsCsAK7AsQC0gLWAt0C5gLrAvgC+wMNAxADFQAAAAAAAAIBAAAAAAAAACgAAAAAAAAAAAAAAAAAAAMX}}

@Article{Amaya2016,
  author   = {Edgar J. Amaya, Alberto J. Alvares},
  title    = {Prognostic of RUL based on Echo State Network Optimized by Artificial Bee Colony},
  journal  = {International Journal of Prognostics and Health Management},
  year     = {2016},
  issn     = {2153-2648},
  abstract = {prognostic) is calculated as a difference between the End of},
  file     = {:/Volumes/Macintosh HD 2/Universitaet/Master/Master Thesis/Paper/ESN/ijphm_16_006.pdf:PDF},
}

@TechReport{Diaz-Gomez,
  author      = {Pedro A. Diaz-Gomez, Dean F. Hougen},
  title       = {Initial Population for Genetic Algorithms: A Metric Approach},
  institution = {School of Computer and Science, University of Oklahoma},
  abstract    = {- Besides the difficulty of the application population. We have taken this approach because we are
problem to be solved with Genetic Algorithms (GAs), considering diversity as the variety and difference at the
an additional difficulty arises because the quality of the gene, chromosome, and population level. However, other
solution found, or the computational resources required definitions of diversity can be found [13] that could be
to find it, depends on the selection of the Genetic considered and, at the same time, there are other metrics
Algorithm’s characteristics. The purpose of this paper to use [25], that are beyond the scope of the present
is to gain some insight into one of those characteristics: study or could be computationally expensive.
the difficult problem of finding a good initial population.
We summarize previous approaches and metrics related The organization of this article is as follows: Section},
  file        = {:/Volumes/Macintosh HD 2/Universitaet/Master/Master Thesis/Paper/ESN/Initial_Population_for_Genetic_Algorithms_A_Metric.pdf:PDF},
  keywords    = {Population size, diversity, entropy, Ham- ming distance, center of mass. 2 Previous Work},
}

@PhdThesis{Amouzgar2012,
  author = {Kaveh Amouzgar},
  title  = {Multi-Objective Optimization using Genetic Algorithms},
  school = {School of Engineering in Jönköping},
  year   = {2012},
  file   = {:/Volumes/Macintosh HD 2/Universitaet/Master/Master Thesis/Paper/ESN/Multi-Objective Optimization using Genetic Algorithms.pdf:PDF},
}

@Unpublished{Lukoˇseviˇcius2012,
  author   = {Mantas Lukosevicius},
  title    = {A Practical Guide to Applying Echo State Networks},
  note     = {To appear in Neural Networks: Tricks of the Trade, Reloaded. G. Montavon, G. B. Orr, and K.-R. Müller},
  year     = {2012},
  abstract = {Reservoir computing has emerged in the last decade as an alternative to gradient
descent methods for training recurrent neural networks. Echo State Network (ESN) is one of
the key reservoir computing “flavors”. While being practical, conceptually simple, and easy to
implement, ESNs require some experience and insight to achieve the hailed good performance
in many tasks. Here we present practical techniques and recommendations for successfully
applying ESNs, as well as some more advanced application-specific modifications.},
  file     = {:/Volumes/Macintosh HD 2/Universitaet/Master/Master Thesis/Paper/ESN/PracticalESN-3.pdf:PDF},
}

@Book{Williams2006,
  title     = {Gaussian Processes for Machine Learning},
  publisher = {The MIT Press},
  year      = {2006},
  author    = {C. E. Rasmussen \& C. K. I. Williams},
  file      = {:/Volumes/Macintosh HD 2/Universitaet/Master/Master Thesis/Paper/GP+PF/Gaussian Process for Machine Learning.pdf:PDF},
}

@InBook{LeCun1998,
  pages         = {9--50},
  title         = {Efficient BackProp},
  publisher     = {Springer Berlin Heidelberg},
  year          = {1998},
  author        = {LeCun, Yann and Bottou, Leon and Orr, Genevieve B. and M{\"u}ller, Klaus -Robert},
  editor        = {Orr, Genevieve B. and M{\"u}ller, Klaus-Robert},
  address       = {Berlin, Heidelberg},
  isbn          = {978-3-540-49430-0},
  __markedentry = {[juliangesche:6]},
  booktitle     = {Neural Networks: Tricks of the Trade},
  doi           = {10.1007/3-540-49430-8_2},
  url           = {http://dx.doi.org/10.1007/3-540-49430-8_2},
}

@PhdThesis{Computing2009,
  author = {David Verstraeten},
  title  = {Reservoir Computing and rekenen met dynamische systemen},
  year   = {2009},
  file   = {:/Volumes/Macintosh HD 2/Universitaet/Master/Master Thesis/Paper/ESN/dvrstrae_organic.pdf:PDF},
}

@TechReport{Accurate2001,
  author = {The Interacting Multiple Model Algorithm for Accurate and State Estimation of Maneuvering Targets},
  title  = {A.  F.  GENOVESE},
  year   = {2001},
  number = {JOHNS HOPKINS APL TECHNICAL DIGEST, VOLUME 22, NUMBER 4 (2001)},
  file   = {:/Volumes/Macintosh HD 2/Universitaet/Master/Master Thesis/Paper/GP+PF/IMM for acurate State Estiamtion.pdf:PDF},
}

@Article{Saxena9403,
  author    = {Abhinav Saxena, Jose Celaya, Edward Balaban, et .al},
  title     = {Metrics for Evaluating Performance of Prognostic Techniques},
  year      = {2008},
  abstract  = {Prognostics is an emerging concept in condition basedmaintenance(CBM)ofcriticalsystems.Alongwith developing the fundamentals of being able to confidently predict Remaining Useful Life (RUL), the technology calls for fielded applications as it inches towards maturation. This requires a stringent performance evaluation so that the significance of the concept can be fully exploited. Currently, prognostics concepts lack standard definitions and suffer from ambiguous and inconsistent interpretations. This lack of standards is in part due to the varied end-user requirements for different applications, time scales, available information, domain dynamics, etc. to name a few issues. Instead, the research community has used a variety of metrics based largely on convenience with respect to their respective requirements. Very little attention has been focused on establishing a common ground to compare different efforts. This paper surveys the metrics that are already used for prognostics in a variety of domains including medicine, nuclear, automotive, aerospace, and electronics. It also considers other domains that involve prediction-related tasks, such as weather and finance. Differences and similarities between these domains and health maintenancehave been analyzed to help understand what performance evaluation methods may or may not be borrowed. Further, these metrics have been categorized in several ways that may be useful in deciding upon a suitable subset for a specific application. Some important prognostic concepts have been defined using a notational framework that enables interpretation of different metrics coherently. Last, but not the least, a list of metrics has been suggested to assess critical aspects of RUL predictions before they are fielded in real applications.},
  file      = {:/Volumes/Macintosh HD 2/Universitaet/Master/Master Thesis/Paper/metrics for evaluating performance of prognostic techniques.pdf:PDF},
  publisher = {IEEE},
}

@Standard{2015,
  title       = {{Condition monitoring and diagnostics of machines — Prognostics — Part 1: General guidelines}},
  institution = {International Organization for Standardization},
  type        = {Standard},
  address     = {Geneva, CH},
  month       = sep,
  year        = {2015},
  edition     = {2},
  key         = {ISO 13381-1:2015(en)},
}

@Comment{jabref-meta: databaseType:bibtex;}
